@article{Landin66,
  author    = {Peter J. Landin},
  title     = {The next 700 programming languages},
  journal   = {Commun. {ACM}},
  volume    = {9},
  number    = {3},
  pages     = {157--166},
  year      = {1966},
  url       = {https://doi.org/10.1145/365230.365257},
  doi       = {10.1145/365230.365257},
  timestamp = {Wed, 14 Nov 2018 10:22:35 +0100},
  biburl    = {https://dblp.org/rec/journals/cacm/Landin66.bib},
  bibsource = {dblp computer science bibliography, https://dblp.org}
}

@inproceedings{Tchana21,
  author    = {Tu Dinh Ngoc and
               Boris Teabe and
               Alain Tchana and
               Gilles Muller and
               Daniel Hagimont},
  editor    = {Antonio Barbalace and
               Pramod Bhatotia and
               Lorenzo Alvisi and
               Cristian Cadar},
  title     = {Mitigating vulnerability windows with hypervisor transplant},
  booktitle = {EuroSys '21: Sixteenth European Conference on Computer Systems, Online
               Event, United Kingdom, April 26-28, 2021},
  pages     = {162--177},
  publisher = {{ACM}},
  year      = {2021},
  url       = {https://doi.org/10.1145/3447786.3456235},
  doi       = {10.1145/3447786.3456235},
  timestamp = {Mon, 26 Apr 2021 10:14:43 +0200},
  biburl    = {https://dblp.org/rec/conf/eurosys/NgocTTMH21.bib},
  bibsource = {dblp computer science bibliography, https://dblp.org}
}

@Book{LaHorde,
Author = {Alain Damasio},
Title = {La Horde du contrevent},
Language = {Fran√ßais},
Publisher = {Gallimard},
Year = {2007},
ISBN = {978-2-07-034226-6},
} 

@misc{ wiki:001, 
 author = "Vikipedio", 
 title = "Foino --- Vikipedio", 
 year = "2021", 
 url = "\url{//eo.wikipedia.org/w/index.php?title=Foino&oldid=7142742}", 
 note = "[Ligite ; alirita je  8-majo-2021]" 
} 